<?xml version="1.0" encoding="UTF-8"?><collection xmlns="http://www.loc.gov/MARC21/slim"><record><leader>00753nam--2200229-u-4500</leader><controlfield tag="001">000050446</controlfield><controlfield tag="002">20161230</controlfield><controlfield tag="003">81848</controlfield><controlfield tag="005">20161230201048</controlfield><controlfield tag="008">070322s1000------------r-----000-0-eng-d</controlfield><datafield ind1=" " ind2=" " tag="020"><subfield code="a">3-54000031-3</subfield></datafield><datafield ind1=" " ind2=" " tag="040"><subfield code="a">IFIN-HH</subfield></datafield><datafield ind1=" " ind2=" " tag="080"><subfield code="a">514.84(530.145:538.9)</subfield></datafield><datafield ind1="1" ind2=" " tag="100"><subfield code="a">Bohm, A</subfield></datafield><datafield ind1="1" ind2="0" tag="245"><subfield code="a">The Geometric Phase in Quantum Systems</subfield><subfield code="b">Foundations, Mathematical Concepts and Applications in Molecular and Condensed Matter Physics</subfield><subfield code="c">A. Bohm; A. Mostafazadeh; H. Koizumi; Q. Niu; J. Zwanziger</subfield></datafield><datafield ind1=" " ind2=" " tag="260"><subfield code="a">Berlin</subfield><subfield code="b">Springer-Verlag</subfield><subfield code="c">2003</subfield></datafield><datafield ind1=" " ind2=" " tag="300"><subfield code="a">439 p</subfield></datafield><datafield ind1=" " ind2=" " tag="490"><subfield code="a">Texts and Monographs in Physics</subfield></datafield><datafield ind1=" " ind2=" " tag="504"><subfield code="a">Includes Index. With 56 Figures</subfield></datafield><datafield ind1="1" ind2=" " tag="700"><subfield code="a">Zwanziger, J</subfield></datafield><datafield ind1=" " ind2=" " tag="852"><subfield code="a">81848</subfield><subfield code="c">530.14</subfield></datafield><datafield ind1=" " ind2=" " tag="CAT"><subfield code="a">Sys</subfield><subfield code="c">20110328</subfield><subfield code="h">122729</subfield></datafield></record></collection>